<?xml version="1.0" encoding="UTF-8"?><record xmlns="http://www.loc.gov/MARC21/slim" xmlns:cinclude="http://apache.org/cocoon/include/1.0" xmlns:zs="http://www.loc.gov/zing/srw/">
  <leader>00461nz  a2200121n  4500</leader>
  <controlfield tag="001">n  85298581 </controlfield>
  <controlfield tag="003">DLC</controlfield>
  <controlfield tag="005">19870203062252.4</controlfield>
  <controlfield tag="008">861205n| acannaab|          |n aaa |||  </controlfield>
  <datafield tag="010" ind1=" " ind2=" ">
    <subfield code="a">n  85298581 </subfield>
  </datafield>
  <datafield tag="040" ind1=" " ind2=" ">
    <subfield code="a">DLC</subfield>
    <subfield code="c">DLC</subfield>
  </datafield>
  <datafield tag="100" ind1="1" ind2="0">
    <subfield code="a">Proud, Joseph M.</subfield>
  </datafield>
  <datafield tag="670" ind1=" " ind2=" ">
    <subfield code="a">NATO Advanced Study Institute on Radiative Processes in Discharge Plasmas (1985 : Pitlochry, Perthshire). Radiative processes in discharge plasmas, c1987:</subfield>
    <subfield code="b">CIP t.p. (Joseph M. Proud; GTE Lab., Waltham, Mass.)</subfield>
  </datafield>
</record>